poo%% This BibTeX bibliography file was created using BibDesk.
%% http://bibdesk.sourceforge.net/


%% Created for Aggelos Kiayias at 2020-02-15 17:39:46 +0000 


%% Saved with string encoding Unicode (UTF-8) 



@misc{mpt,
	Author = {Ethereum},
	note = {\href{https://github.com/ethereum/wiki/wiki/Patricia-Tree}{Github Repository}},
	Title = {Patricia Tree},
	Year = {2019}}


@misc{brick,
    title={Brick: Asynchronous State Channels},
    author={Georgia Avarikioti and Eleftherios Kokoris Kogias and Roger Wattenhofer},
    year={2019},
    eprint={1905.11360},
    archivePrefix={arXiv},
    primaryClass={cs.DC}
}

@inproceedings{DBLP:conf/ccs/DziembowskiFH18,
	Author = {Stefan Dziembowski and Sebastian Faust and Kristina Host{\'{a}}kov{\'{a}}},
	Bibsource = {dblp computer science bibliography, https://dblp.org},
	Biburl = {https://dblp.org/rec/conf/ccs/DziembowskiFH18.bib},
	Booktitle = {Proceedings of the 2018 {ACM} {SIGSAC} Conference on Computer and Communications Security, {CCS} 2018, Toronto, ON, Canada, October 15-19, 2018},
	Crossref = {DBLP:conf/ccs/2018},
	Date-Added = {2020-02-15 17:38:49 +0000},
	Date-Modified = {2020-02-15 17:38:49 +0000},
	Doi = {10.1145/3243734.3243856},
	Pages = {949--966},
	Timestamp = {Sat, 19 Oct 2019 20:06:15 +0200},
	Title = {General State Channel Networks},
	Url = {https://doi.org/10.1145/3243734.3243856},
	Year = {2018},
	Bdsk-Url-1 = {https://doi.org/10.1145/3243734.3243856}}

@misc{rollup,
	Author = {John Adler},
	Date-Added = {2020-02-15 17:19:16 +0000},
	Date-Modified = {2020-02-15 17:19:59 +0000},
	Howpublished = {\url{https://medium.com/@adlerjohn/the-why-s-of-optimistic-rollup-7c6a22cbb61a} },
	Month = {November},
	Title = {The Why's of Optimistic Rollup},
	Year = {2019}}

@misc{plasma-lower-bounds,
	Author = {Stefan Dziembowski and Grzegorz Fabia{\'n}ski and Sebastian Faust and Siavash Riahi},
	Date-Added = {2020-02-15 17:07:06 +0000},
	Date-Modified = {2020-02-15 17:07:29 +0000},
	Howpublished = {Cryptology ePrint Archive, Report 2020/175},
	Note = {\url{https://eprint.iacr.org/2020/175}},
	Title = {Lower Bounds for Off-Chain Protocols: Exploring the Limits of Plasma},
	Year = {2020}}

@misc{konstantopoulos2019plasma,
	Archiveprefix = {arXiv},
	Author = {Georgios Konstantopoulos},
	Date-Added = {2020-02-15 17:05:27 +0000},
	Date-Modified = {2020-02-15 17:05:27 +0000},
	Eprint = {1911.12095},
	Primaryclass = {cs.CR},
	Title = {Plasma Cash: Towards more efficient Plasma constructions},
	Year = {2019}}

@misc{plasma,
	Author = {J. Poon and V. Buterin},
	Date-Added = {2020-02-15 17:03:03 +0000},
	Date-Modified = {2020-02-15 17:03:38 +0000},
	Howpublished = {\url{http://plasma.io/plasma.pdf}},
	Title = {Plasma: Scalable Autonomous Smart Contracts}}
}

@misc{eutxo-2,
 title={Extended {UTXO-2} model},
 note={\url{https://github.com/hydra-supplementary-material/eutxo-spec/blob/master/extended-utxo-specification.pdf}}
}

@misc{connext,
	Note = {\url{https://docs.connext.network/en/latest/background/architecture.html}},
	Title = {{The Connext Network}}}

@misc{funfair,
	Author = {Longley, Jeremy and Hopton, Oliver},
	Title = {Funfair technology roadmap and discussion},
	Year = {2017}}

@article{itakura1983public,
	Author = {Itakura, Kazuharu and Nakamura, Katsuhiro},
	Journal = {NEC Research \& Development},
	Number = {71},
	Pages = {1--8},
	Title = {A public-key cryptosystem suitable for digital multisignatures},
	Year = {1983}}

@inproceedings{MBBK+19,
	Author = {Miller, Andrew and Bentov, Iddo and Bakshi, Surya and Kumaresan, Ranjit and McCorry, Patrick},
	Booktitle = {International Conference on Financial Cryptography and Data Security},
	Organization = {Springer},
	Pages = {508--526},
	Title = {Sprites and state channels: Payment networks that go faster than lightning},
	Year = {2019}}

@inproceedings{MBBM+19,
	Author = {McCorry, Patrick and Bakshi, Surya and Bentov, Iddo and Meiklejohn, Sarah and Miller, Andrew},
	Booktitle = {Proceedings of the 1st ACM Conference on Advances in Financial Technologies},
	Pages = {16--30},
	Title = {Pisa: Arbitration outsourcing for state channels},
	Year = {2019}}

@inproceedings{DEFH+19,
	Author = {Dziembowski, Stefan and Eckey, Lisa and Faust, Sebastian and Hesse, Julia and Host{\'a}kov{\'a}, Kristina},
	Booktitle = {Annual International Conference on the Theory and Applications of Cryptographic Techniques},
	Organization = {Springer},
	Pages = {625--656},
	Title = {Multi-party virtual state channels},
	Year = {2019}}

@misc{BCDF+14,
	Author = {Back, Adam and Corallo, Matt and Dashjr, Luke and Friedenbach, Mark and Maxwell, Gregory and Miller, Andrew and Poelstra, Andrew and Tim{\'o}n, Jorge and Wuille, Pieter},
	Title = {Enabling blockchain innovations with pegged sidechains},
	Url = {http://web.archive.org/save/https://pdfs.semanticscholar.org/1b23/cd2050d5000c05e1da3c9997b308ad5b7903.pdf},
	Year = {2014},
	Bdsk-Url-1 = {http://web.archive.org/save/https://pdfs.semanticscholar.org/1b23/cd2050d5000c05e1da3c9997b308ad5b7903.pdf}}

@misc{FGKR+18,
	Author = {Matthias Fitzi and Peter Ga{\v{z}}i and Aggelos Kiayias and Alexander Russell},
	Howpublished = {Cryptology ePrint Archive, Report 2018/1119},
	Note = {\url{https://eprint.iacr.org/2018/1119}},
	Title = {Parallel Chains: Improving Throughput and Latency of Blockchain Protocols via Parallel Composition},
	Year = {2018}}


@misc{BW:PayChan,
	Author = {{Bitcoin Wiki}},
	Title = {Payment Channels},
	note = {\href{https://web.archive.org/web/20191106110154/https://en.bitcoin.it/wiki/Payment_channels}{Wiki article, accessed 2019-11-06}},
	Urldate = {2019-11-06}}

@misc{PooDry16,
	Author = {Joseph Poon and Thaddeus Dryja},
	Title = {The Bitcoin Lightning Network: Scalable Off-Chain Instant Payments},
	Url = {https://web.archive.org/web/20191106111342/https://lightning.network/lightning-network-paper.pdf},
	Urldate = {2019-11-06},
	Year = {2016},
	Bdsk-Url-1 = {https://web.archive.org/web/20191106111342/https://lightning.network/lightning-network-paper.pdf}}

@article{Alliso17,
	Author = {Ian Allison},
	Journal = {International Business Times},
	Title = {Ethereum's {Vitalik} {Buterin} explains how state channels address privacy and scalability},
	Url = {https://web.archive.org/web/20191106114154/https://www.ibtimes.co.uk/ethereums-vitalik-buterin-explains-how-state-channels-address-privacy-scalability-1566068},
	Urldate = {2019-11-06},
	Year = {2017},
	Bdsk-Url-1 = {https://web.archive.org/web/20191106114154/https://www.ibtimes.co.uk/ethereums-vitalik-buterin-explains-how-state-channels-address-privacy-scalability-1566068}}

@misc{Celer18,
	Author = {ScaleSphere Foundation Ltd.},
	Title = {Celer Network: Bring Internet Scale to Every Blockchain},
	Url = {https://web.archive.org/web/20191106115240/https://www.celer.network/assets/doc/CelerNetwork-Whitepaper.pdf},
	Urldate = {2019-11-06},
	Year = {2018},
	Bdsk-Url-1 = {https://web.archive.org/web/20191106115240/https://www.celer.network/assets/doc/CelerNetwork-Whitepaper.pdf}}

@misc{CoHoXu18,
	Author = {Jeff Coleman and Liam Horne and Li Xuanji},
	Title = {Counterfactual: Generalized State Channels},
	Url = {https://web.archive.org/web/20191106115501/https://l4.ventures/papers/statechannels.pdf},
	Urldate = {2019-11-06},
	Year = {2018},
	Bdsk-Url-1 = {https://web.archive.org/web/20191106115501/https://l4.ventures/papers/statechannels.pdf}}

@inproceedings{DzFaHo18,
	Author = {Stefan Dziembowski and Sebastian Faust and Kristina Host{\'a}kov{\'a}},
	Booktitle = {Proceedings of the 2018 ACM SIGSAC Conference on Computer and Communications Security},
	Organization = {ACM},
	Pages = {949--966},
	Title = {General state channel networks},
	Year = {2018}}

@inproceedings{DecWat15,
	Author = {Decker, Christian and Wattenhofer, Roger},
	Booktitle = {Symposium on Self-Stabilizing Systems},
	Organization = {Springer},
	Pages = {3--18},
	Title = {A fast and scalable payment network with bitcoin duplex micropayment channels},
	Year = {2015}}

@inproceedings{DEFM19,
	Author = {Dziembowski, Stefan and Eckey, Lisa and Faust, Sebastian and Malinowski, Daniel},
	Booktitle = {2019 IEEE Symposium on Security and Privacy (SP)},
	Organization = {IEEE},
	Pages = {106--123},
	Title = {Perun: Virtual payment hubs over cryptocurrencies},
	Year = {2019}}

@inproceedings{sidechains,
	Address = {Los Alamitos, CA, USA},
	Author = {P. Ga\v{z}i and A. Kiayias and D. Zindros},
	Booktitle = {2019 2019 IEEE Symposium on Security and Privacy (SP)},
	Doi = {10.1109/SP.2019.00040},
	Issn = {2375-1207},
	Keywords = {blockchain;sidechains;distributed-systems},
	Month = {may},
	Pages = {677-694},
	Publisher = {IEEE Computer Society},
	Title = {Proof-of-Stake Sidechains},
	Url = {https://doi.ieeecomputersociety.org/10.1109/SP.2019.00040},
	Year = {2019},
	Bdsk-Url-1 = {https://doi.ieeecomputersociety.org/10.1109/SP.2019.00040},
	Bdsk-Url-2 = {https://doi.org/10.1109/SP.2019.00040}}

@article{CFFL+05,
	Author = {Considine, Jeffrey and Fitzi, Matthias and Franklin, Matthew and Levin, Leonid A and Maurer, Ueli and Metcalf, David},
	Journal = {Journal of Cryptology},
	Number = {3},
	Pages = {191--217},
	Publisher = {Springer},
	Title = {Byzantine agreement given partial broadcast},
	Volume = {18},
	Year = {2005}}

@article{Dolev82,
	Author = {Dolev, Danny},
	Journal = {Journal of algorithms},
	Number = {1},
	Pages = {14--30},
	Publisher = {Elsevier},
	Title = {The Byzantine generals strike again},
	Volume = {3},
	Year = {1982}}

@article{DolStr83,
	Author = {Dolev, Danny and Strong, H. Raymond},
	Journal = {SIAM Journal on Computing},
	Number = {4},
	Pages = {656--666},
	Publisher = {SIAM},
	Title = {Authenticated algorithms for Byzantine agreement},
	Volume = {12},
	Year = {1983}}

@inproceedings{GKKY+07,
	Author = {Garay, Juan A and Katz, Jonathan and Koo, Chiu-Yuen and Ostrovsky, Rafail},
	Booktitle = {48th Annual IEEE Symposium on Foundations of Computer Science (FOCS'07)},
	Organization = {IEEE},
	Pages = {658--668},
	Title = {Round complexity of authenticated broadcast with a dishonest majority},
	Year = {2007}}

@misc{cryptoeprint:2015:1019,
	Author = {Aggelos Kiayias and Giorgos Panagiotakos},
	Date-Added = {2019-02-06 11:02:00 +0000},
	Date-Modified = {2019-02-06 11:02:00 +0000},
	Howpublished = {Cryptology ePrint Archive, Report 2015/1019},
	Note = {\url{https://eprint.iacr.org/2015/1019}},
	Title = {Speed-Security Tradeoffs in Blockchain Protocols},
	Year = {2015}}

@article{DBLP:journals/corr/abs-1811-12628,
	Archiveprefix = {arXiv},
	Author = {Haifeng Yu and Ivica Nikolic and Ruomu Hou and Prateek Saxena},
	Bibsource = {dblp computer science bibliography, https://dblp.org},
	Biburl = {https://dblp.org/rec/bib/journals/corr/abs-1811-12628},
	Date-Added = {2019-02-06 10:41:37 +0000},
	Date-Modified = {2019-02-06 10:41:37 +0000},
	Eprint = {1811.12628},
	Journal = {CoRR},
	Timestamp = {Mon, 03 Dec 2018 07:50:28 +0100},
	Title = {{OHIE:} Blockchain Scaling Made Simple},
	Url = {http://arxiv.org/abs/1811.12628},
	Volume = {abs/1811.12628},
	Year = {2018},
	Bdsk-Url-1 = {http://arxiv.org/abs/1811.12628}}

@article{BKTF+18,
	Archiveprefix = {arXiv},
	Author = {Vivek Bagaria and Sreeram Kannan and David Tse and Giulia C. Fanti and Pramod Viswanath},
	Bibsource = {dblp computer science bibliography, https://dblp.org},
	Biburl = {https://dblp.org/rec/bib/journals/corr/abs-1810-08092},
	Eprint = {1810.08092},
	Journal = {CoRR},
	Timestamp = {Tue, 30 Oct 2018 20:39:56 +0100},
	Title = {Deconstructing the Blockchain to Approach Physical Limits},
	Url = {http://arxiv.org/abs/1810.08092},
	Volume = {abs/1810.08092},
	Year = {2018},
	Bdsk-Url-1 = {http://arxiv.org/abs/1810.08092}}

@inproceedings{KiRaSh18,
	Author = {Lucianna Kiffer and Rajmohan Rajaraman and Abhi Shelat},
	Bibsource = {dblp computer science bibliography, https://dblp.org},
	Biburl = {https://dblp.org/rec/bib/conf/ccs/KifferRS18},
	Booktitle = {Proceedings of the 2018 {ACM} {SIGSAC} Conference on Computer and Communications Security, {CCS} 2018, Toronto, ON, Canada, October 15-19, 2018},
	Crossref = {DBLP:conf/ccs/2018},
	Doi = {10.1145/3243734.3243814},
	Pages = {729--744},
	Timestamp = {Wed, 31 Oct 2018 17:23:34 +0100},
	Title = {A Better Method to Analyze Blockchain Consistency},
	Url = {http://doi.acm.org/10.1145/3243734.3243814},
	Year = {2018},
	Bdsk-Url-1 = {http://doi.acm.org/10.1145/3243734.3243814},
	Bdsk-Url-2 = {https://doi.org/10.1145/3243734.3243814}}

@proceedings{DBLP:conf/ccs/2018,
	Bibsource = {dblp computer science bibliography, https://dblp.org},
	Biburl = {https://dblp.org/rec/bib/conf/ccs/2018},
	Editor = {David Lie and Mohammad Mannan and Michael Backes and XiaoFeng Wang},
	Isbn = {978-1-4503-5693-0},
	Publisher = {{ACM}},
	Timestamp = {Wed, 31 Oct 2018 17:23:34 +0100},
	Title = {Proceedings of the 2018 {ACM} {SIGSAC} Conference on Computer and Communications Security, {CCS} 2018, Toronto, ON, Canada, October 15-19, 2018},
	Url = {http://dl.acm.org/citation.cfm?id=3243734},
	Year = {2018},
	Bdsk-Url-1 = {http://dl.acm.org/citation.cfm?id=3243734}}

@article{DBLP:journals/iacr/BoyenCH16,
	Author = {Xavier Boyen and Christopher Carr and Thomas Haines},
	Bibsource = {dblp computer science bibliography, https://dblp.org},
	Biburl = {https://dblp.org/rec/bib/journals/iacr/BoyenCH16},
	Date-Added = {2018-10-03 22:51:48 +0100},
	Date-Modified = {2018-10-03 22:51:48 +0100},
	Journal = {{IACR} Cryptology ePrint Archive},
	Pages = {871},
	Timestamp = {Tue, 14 Aug 2018 17:08:15 +0200},
	Title = {Blockchain-Free Cryptocurrencies. {A} Rational Framework for Truly Decentralised Fast Transactions},
	Url = {http://eprint.iacr.org/2016/871},
	Volume = {2016},
	Year = {2016},
	Bdsk-Url-1 = {http://eprint.iacr.org/2016/871}}

@article{DBLP:journals/iacr/BentovPS16a,
	Author = {Iddo Bentov and Rafael Pass and Elaine Shi},
	Bibsource = {dblp computer science bibliography, https://dblp.org},
	Biburl = {https://dblp.org/rec/bib/journals/iacr/BentovPS16a},
	Date-Added = {2018-10-03 22:50:39 +0100},
	Date-Modified = {2018-10-03 22:50:39 +0100},
	Journal = {{IACR} Cryptology ePrint Archive},
	Pages = {919},
	Timestamp = {Tue, 14 Aug 2018 17:08:24 +0200},
	Title = {Snow White: Provably Secure Proofs of Stake},
	Url = {http://eprint.iacr.org/2016/919},
	Volume = {2016},
	Year = {2016},
	Bdsk-Url-1 = {http://eprint.iacr.org/2016/919}}

@article{SoLeZo16,
	Author = {Yonatan Sompolinsky and Yoad Lewenberg and Aviv Zohar},
	Bibsource = {dblp computer science bibliography, https://dblp.org},
	Biburl = {https://dblp.org/rec/bib/journals/iacr/SompolinskyLZ16},
	Date-Added = {2018-10-03 22:50:39 +0100},
	Date-Modified = {2018-10-03 22:50:39 +0100},
	Journal = {{IACR} Cryptology ePrint Archive},
	Pages = {1159},
	Timestamp = {Tue, 14 Aug 2018 17:08:25 +0200},
	Title = {{SPECTRE:} {A} Fast and Scalable Cryptocurrency Protocol},
	Url = {http://eprint.iacr.org/2016/1159},
	Volume = {2016},
	Year = {2016},
	Bdsk-Url-1 = {http://eprint.iacr.org/2016/1159}}

@inproceedings{CFSW:Canetti04,
	Author = {Ran Canetti},
	Bibsource = {dblp computer science bibliography, http://dblp.org},
	Biburl = {http://dblp.uni-trier.de/rec/bib/conf/csfw/Canetti04},
	Booktitle = {17th {IEEE} Computer Security Foundations Workshop},
	Doi = {10.1109/CSFW.2004.24},
	Pages = {219},
	Timestamp = {Fri, 13 May 2016 11:50:53 +0200},
	Title = {Universally Composable Signature, Certification, and Authentication},
	Url = {http://doi.ieeecomputersociety.org/10.1109/CSFW.2004.24},
	Year = {2004},
	Bdsk-Url-1 = {http://doi.ieeecomputersociety.org/10.1109/CSFW.2004.24},
	Bdsk-Url-2 = {http://dx.doi.org/10.1109/CSFW.2004.24}}

@book{Mot95,
	Address = {New York, NY, USA},
	Author = {Motwani, Rajeev and Raghavan, Prabhakar},
	Isbn = {0-521-47465-5, 9780521474658},
	Publisher = {Cambridge University Press},
	Title = {Randomized Algorithms},
	Year = {1995}}

@misc{Bitcoin,
	Author = {Satoshi Nakamoto},
	Title = {Bitcoin: A peer-to-peer electronic cash system,'' http://bitcoin.org/bitcoin.pdf},
	Year = {2008}}

@article{algorand,
	Archiveprefix = {arXiv},
	Author = {Silvio Micali},
	Bibsource = {dblp computer science bibliography, https://dblp.org},
	Biburl = {https://dblp.org/rec/bib/journals/corr/Micali16},
	Eprint = {1607.01341},
	Journal = {CoRR},
	Timestamp = {Wed, 07 Jun 2017 14:41:27 +0200},
	Title = {{ALGORAND:} The Efficient and Democratic Ledger},
	Url = {http://arxiv.org/abs/1607.01341},
	Volume = {abs/1607.01341},
	Year = {2016},
	Bdsk-Url-1 = {http://arxiv.org/abs/1607.01341}}

@inproceedings{SOSP:GHMVZ17,
	Acmid = {3132757},
	Address = {New York, NY, USA},
	Author = {Gilad, Yossi and Hemo, Rotem and Micali, Silvio and Vlachos, Georgios and Zeldovich, Nickolai},
	Booktitle = {Proceedings of the 26th Symposium on Operating Systems Principles},
	Doi = {10.1145/3132747.3132757},
	Isbn = {978-1-4503-5085-3},
	Location = {Shanghai, China},
	Numpages = {18},
	Pages = {51--68},
	Publisher = {ACM},
	Series = {SOSP '17},
	Title = {Algorand: Scaling Byzantine Agreements for Cryptocurrencies},
	Url = {http://doi.acm.org/10.1145/3132747.3132757},
	Year = {2017},
	Bdsk-Url-1 = {http://doi.acm.org/10.1145/3132747.3132757},
	Bdsk-Url-2 = {https://doi.org/10.1145/3132747.3132757}}

@inproceedings{BitcoinNG,
	Address = {Santa Clara, CA},
	Author = {Ittay Eyal and Adem Efe Gencer and Emin Gun Sirer and {Robbert Van} Renesse},
	Booktitle = {13th {USENIX} Symposium on Networked Systems Design and Implementation ({NSDI} 16)},
	Isbn = {978-1-931971-29-4},
	Pages = {45--59},
	Publisher = {{USENIX} Association},
	Title = {Bitcoin-NG: A Scalable Blockchain Protocol},
	Url = {https://www.usenix.org/conference/nsdi16/technical-sessions/presentation/eyal},
	Year = {2016},
	Bdsk-Url-1 = {https://www.usenix.org/conference/nsdi16/technical-sessions/presentation/eyal}}

@misc{phantom,
	Author = {Yonatan Sompolinsky and Aviv Zohar},
	Howpublished = {Cryptology ePrint Archive, Report 2018/104},
	Note = {\url{https://eprint.iacr.org/2018/104}},
	Title = {PHANTOM: A Scalable BlockDAG Protocol},
	Year = {2018}}

@inproceedings{BoCaHa18,
	Author = {Xavier Boyen and Christopher Carr and Thomas Haines},
	Bibsource = {dblp computer science bibliography, https://dblp.org},
	Biburl = {https://dblp.org/rec/bib/conf/ccs/BoyenCH18},
	Booktitle = {Proceedings of the 2nd {ACM} Workshop on Blockchains, Cryptocurrencies, and Contracts, BCC@AsiaCCS 2018, Incheon, Republic of Korea, June 4, 2018},
	Crossref = {DBLP:conf/ccs/2018bcc},
	Doi = {10.1145/3205230.3205235},
	Pages = {21--33},
	Timestamp = {Mon, 28 May 2018 09:07:22 +0200},
	Title = {Graphchain: a Blockchain-Free Scalable Decentralised Ledger},
	Url = {http://doi.acm.org/10.1145/3205230.3205235},
	Year = {2018},
	Bdsk-Url-1 = {http://doi.acm.org/10.1145/3205230.3205235},
	Bdsk-Url-2 = {https://doi.org/10.1145/3205230.3205235}}

@proceedings{DBLP:conf/ccs/2018bcc,
	Bibsource = {dblp computer science bibliography, https://dblp.org},
	Biburl = {https://dblp.org/rec/bib/conf/ccs/2018bcc},
	Doi = {10.1145/3205230},
	Editor = {Satya V. Lokam and Sushmita Ruj and Kouichi Sakurai},
	Publisher = {{ACM}},
	Timestamp = {Mon, 28 May 2018 09:05:48 +0200},
	Title = {Proceedings of the 2nd {ACM} Workshop on Blockchains, Cryptocurrencies, and Contracts, BCC@AsiaCCS 2018, Incheon, Republic of Korea, June 4, 2018},
	Url = {http://doi.acm.org/10.1145/3205230},
	Year = {2018},
	Bdsk-Url-1 = {http://doi.acm.org/10.1145/3205230},
	Bdsk-Url-2 = {https://doi.org/10.1145/3205230}}

@misc{MaQuPo18,
	Author = {Will Martino and Monica Quaintance and Stuart Popejoy},
	Howpublished = {Manuscript},
	Note = {\url{http://kadena.io/docs/chainweb-v15.pdf}},
	Title = {Chainweb: A Proof-of-Work Parallel-Chain Architecture for Massive Throughput},
	Year = {2018}}

@misc{hashgraph,
	Author = {Leemon Baird},
	Howpublished = {Swirlds Tech Report SWIRLDS-TR-2016-01},
	Note = {\url{https://www.swirlds.com/downloads/SWIRLDS-TR-2016-01.pdf}},
	Title = {The Swirlds Hashgraph Consensus Algorithm: Fair, Fast, Byzantine Fault Tolerance},
	Year = {2016}}

@misc{Lerner15,
	Author = {{Sergio Demian} Lerner},
	Howpublished = {Manuscript},
	Note = {\url{https://bitslog.files.wordpress.com/2015/09/dagcoin-v41.pdf}},
	Title = {DagCoin Draft},
	Year = {2015}}

@misc{Popov17,
	Author = {Serguei Popov},
	Howpublished = {Manuscript},
	Note = {\url{https://iotatoken.com/IOTA_Whitepaper.pdf}},
	Title = {The Tangle},
	Year = {2017}}

@misc{Bramas18,
	Author = {Quentin Bramas},
	Howpublished = {Manuscript},
	Note = {\url{https://hal.archives-ouvertes.fr/hal-01716111v2/document}},
	Title = {The Stability and the Security of the Tangle},
	Year = {2018}}

@inproceedings{Byzcoin,
	Author = {Eleftherios Kokoris{-}Kogias and Philipp Jovanovic and Nicolas Gailly and Ismail Khoffi and Linus Gasser and Bryan Ford},
	Bibsource = {dblp computer science bibliography, https://dblp.org},
	Biburl = {https://dblp.org/rec/bib/conf/uss/Kokoris-KogiasJ16},
	Booktitle = {25th {USENIX} Security Symposium, {USENIX} Security 16, Austin, TX, USA, August 10-12, 2016.},
	Crossref = {DBLP:conf/uss/2016},
	Pages = {279--296},
	Timestamp = {Mon, 05 Sep 2016 15:43:05 +0200},
	Title = {Enhancing Bitcoin Security and Performance with Strong Consistency via Collective Signing},
	Url = {https://www.usenix.org/conference/usenixsecurity16/technical-sessions/presentation/kogias},
	Year = {2016},
	Bdsk-Url-1 = {https://www.usenix.org/conference/usenixsecurity16/technical-sessions/presentation/kogias}}

@proceedings{DBLP:conf/uss/2016,
	Bibsource = {dblp computer science bibliography, https://dblp.org},
	Biburl = {https://dblp.org/rec/bib/conf/uss/2016},
	Editor = {Thorsten Holz and Stefan Savage},
	Publisher = {{USENIX} Association},
	Timestamp = {Mon, 05 Sep 2016 15:32:50 +0200},
	Title = {25th {USENIX} Security Symposium, {USENIX} Security 16, Austin, TX, USA, August 10-12, 2016},
	Url = {https://www.usenix.org/conference/usenixsecurity16},
	Year = {2016},
	Bdsk-Url-1 = {https://www.usenix.org/conference/usenixsecurity16}}

@article{ForVod18,
	Archiveprefix = {arXiv},
	Author = {S{\'{e}}bastien Forestier and Damir Vodenicarevic},
	Bibsource = {dblp computer science bibliography, https://dblp.org},
	Biburl = {https://dblp.org/rec/bib/journals/corr/abs-1803-09029},
	Eprint = {1803.09029},
	Journal = {CoRR},
	Timestamp = {Mon, 13 Aug 2018 16:46:24 +0200},
	Title = {Blockclique: scaling blockchains through transaction sharding in a multithreaded block graph},
	Url = {http://arxiv.org/abs/1803.09029},
	Volume = {abs/1803.09029v4},
	Year = {2018},
	Bdsk-Url-1 = {http://arxiv.org/abs/1803.09029}}

@article{LLXLY18,
	Archiveprefix = {arXiv},
	Author = {Chenxing Li and Peilun Li and Wei Xu and Fan Long and Andrew Chi{-}Chih Yao},
	Bibsource = {dblp computer science bibliography, https://dblp.org},
	Biburl = {https://dblp.org/rec/bib/journals/corr/abs-1805-03870},
	Eprint = {1805.03870},
	Journal = {CoRR},
	Timestamp = {Mon, 13 Aug 2018 16:47:08 +0200},
	Title = {Scaling Nakamoto Consensus to Thousands of Transactions per Second},
	Url = {http://arxiv.org/abs/1805.03870},
	Volume = {abs/1805.03870},
	Year = {2018},
	Bdsk-Url-1 = {http://arxiv.org/abs/1805.03870}}

@article{solida,
	Author = {Ittai Abraham and Dahlia Malkhi and Kartik Nayak and Ling Ren and Alexander Spiegelman},
	Bibsource = {dblp computer science bibliography, https://dblp.org},
	Biburl = {https://dblp.org/rec/bib/journals/iacr/AbrahamMN0S17},
	Journal = {{IACR} Cryptology ePrint Archive},
	Pages = {1118},
	Timestamp = {Tue, 14 Aug 2018 17:08:28 +0200},
	Title = {Solida: {A} Blockchain Protocol Based on Reconfigurable Byzantine Consensus},
	Url = {http://eprint.iacr.org/2017/1118},
	Volume = {2017},
	Year = {2017},
	Bdsk-Url-1 = {http://eprint.iacr.org/2017/1118}}

@article{scp,
	Author = {Luu, Loi and Narayanan, Viswesh and Baweja, Kunal and Zheng, Chaodong and Gilbert, Seth and Saxena, Prateek},
	Journal = {IACR Cryptology ePrint Archive},
	Pages = {1168},
	Title = {SCP: A Computationally-Scalable Byzantine Consensus Protocol For Blockchains.},
	Volume = {2015},
	Year = {2015}}

@inproceedings{DeSeWa16,
	Author = {Christian Decker and Jochen Seidel and Roger Wattenhofer},
	Bibsource = {dblp computer science bibliography, https://dblp.org},
	Biburl = {https://dblp.org/rec/bib/conf/icdcn/DeckerSW16},
	Booktitle = {Proceedings of the 17th International Conference on Distributed Computing and Networking, Singapore, January 4-7, 2016},
	Crossref = {DBLP:conf/icdcn/2016},
	Doi = {10.1145/2833312.2833321},
	Pages = {13:1--13:10},
	Timestamp = {Thu, 07 Apr 2016 11:59:15 +0200},
	Title = {Bitcoin meets strong consistency},
	Url = {http://doi.acm.org/10.1145/2833312.2833321},
	Year = {2016},
	Bdsk-Url-1 = {http://doi.acm.org/10.1145/2833312.2833321},
	Bdsk-Url-2 = {https://doi.org/10.1145/2833312.2833321}}

@proceedings{DBLP:conf/icdcn/2016,
	Bibsource = {dblp computer science bibliography, https://dblp.org},
	Biburl = {https://dblp.org/rec/bib/conf/icdcn/2016},
	Isbn = {978-1-4503-4032-8},
	Publisher = {{ACM}},
	Timestamp = {Mon, 08 Feb 2016 15:13:19 +0100},
	Title = {Proceedings of the 17th International Conference on Distributed Computing and Networking, Singapore, January 4-7, 2016},
	Url = {http://dl.acm.org/citation.cfm?id=2833312},
	Year = {2016},
	Bdsk-Url-1 = {http://dl.acm.org/citation.cfm?id=2833312}}

@article{SWMR18,
	Archiveprefix = {arXiv},
	Author = {Isaac C. Sheff and Xinwen Wang and Andrew C. Myers and Robbert van Renesse},
	Bibsource = {dblp computer science bibliography, https://dblp.org},
	Biburl = {https://dblp.org/rec/bib/journals/corr/abs-1806-06978},
	Eprint = {1806.06978},
	Journal = {CoRR},
	Timestamp = {Mon, 13 Aug 2018 16:48:09 +0200},
	Title = {A Web of Blocks},
	Url = {http://arxiv.org/abs/1806.06978},
	Volume = {abs/1806.06978},
	Year = {2018},
	Bdsk-Url-1 = {http://arxiv.org/abs/1806.06978}}

@article{GeReSi16,
	Archiveprefix = {arXiv},
	Author = {Adem Efe Gencer and {Robbert van} Renesse and {Emin G{\"{u}}n} Sirer},
	Bibsource = {dblp computer science bibliography, https://dblp.org},
	Biburl = {https://dblp.org/rec/bib/journals/corr/GencerRS16},
	Eprint = {1611.06816},
	Journal = {CoRR},
	Timestamp = {Mon, 13 Aug 2018 16:49:05 +0200},
	Title = {Service-Oriented Sharding with Aspen},
	Url = {http://arxiv.org/abs/1611.06816},
	Volume = {abs/1611.06816},
	Year = {2016},
	Bdsk-Url-1 = {http://arxiv.org/abs/1611.06816}}

@misc{BTCmerged,
	Author = {Satoshi Nakamoto},
	Title = {Bitcoin Wiki: Merged mining specification},
	Year = {2011}}

@inproceedings{elastico,
	Author = {Loi Luu and Viswesh Narayanan and Chaodong Zheng and Kunal Baweja and Seth Gilbert and Prateek Saxena},
	Bibsource = {dblp computer science bibliography, https://dblp.org},
	Biburl = {https://dblp.org/rec/bib/conf/ccs/LuuNZBGS16},
	Booktitle = {Proceedings of the 2016 {ACM} {SIGSAC} Conference on Computer and Communications Security, Vienna, Austria, October 24-28, 2016},
	Crossref = {DBLP:conf/ccs/2016},
	Doi = {10.1145/2976749.2978389},
	Pages = {17--30},
	Timestamp = {Mon, 24 Oct 2016 18:57:12 +0200},
	Title = {A Secure Sharding Protocol For Open Blockchains},
	Url = {http://doi.acm.org/10.1145/2976749.2978389},
	Year = {2016},
	Bdsk-Url-1 = {http://doi.acm.org/10.1145/2976749.2978389},
	Bdsk-Url-2 = {https://doi.org/10.1145/2976749.2978389}}

@proceedings{DBLP:conf/ccs/2016,
	Bibsource = {dblp computer science bibliography, https://dblp.org},
	Biburl = {https://dblp.org/rec/bib/conf/ccs/2016},
	Editor = {Edgar R. Weippl and Stefan Katzenbeisser and Christopher Kruegel and Andrew C. Myers and Shai Halevi},
	Isbn = {978-1-4503-4139-4},
	Publisher = {{ACM}},
	Timestamp = {Mon, 24 Oct 2016 15:38:42 +0200},
	Title = {Proceedings of the 2016 {ACM} {SIGSAC} Conference on Computer and Communications Security, Vienna, Austria, October 24-28, 2016},
	Url = {http://dl.acm.org/citation.cfm?id=2976749},
	Year = {2016},
	Bdsk-Url-1 = {http://dl.acm.org/citation.cfm?id=2976749}}

@inproceedings{KJGG+18,
	Author = {Eleftherios Kokoris{-}Kogias and Philipp Jovanovic and Linus Gasser and Nicolas Gailly and Ewa Syta and Bryan Ford},
	Bibsource = {dblp computer science bibliography, https://dblp.org},
	Biburl = {https://dblp.org/rec/bib/conf/sp/Kokoris-KogiasJ18},
	Booktitle = {2018 {IEEE} Symposium on Security and Privacy, {SP} 2018, Proceedings, 21-23 May 2018, San Francisco, California, {USA}},
	Crossref = {DBLP:conf/sp/2018},
	Doi = {10.1109/SP.2018.000-5},
	Pages = {583--598},
	Timestamp = {Fri, 24 Aug 2018 00:34:59 +0200},
	Title = {OmniLedger: {A} Secure, Scale-Out, Decentralized Ledger via Sharding},
	Url = {https://doi.org/10.1109/SP.2018.000-5},
	Year = {2018},
	Bdsk-Url-1 = {https://doi.org/10.1109/SP.2018.000-5}}

@proceedings{DBLP:conf/sp/2018,
	Bibsource = {dblp computer science bibliography, https://dblp.org},
	Biburl = {https://dblp.org/rec/bib/conf/sp/2018},
	Publisher = {{IEEE}},
	Timestamp = {Thu, 09 Aug 2018 08:55:11 +0200},
	Title = {2018 {IEEE} Symposium on Security and Privacy, {SP} 2018, Proceedings, 21-23 May 2018, San Francisco, California, {USA}},
	Url = {http://ieeexplore.ieee.org/xpl/mostRecentIssue.jsp?punumber=8418581},
	Year = {2018},
	Bdsk-Url-1 = {http://ieeexplore.ieee.org/xpl/mostRecentIssue.jsp?punumber=8418581}}

@inproceedings{ZaMoRa18,
	Author = {Zamani, Mahdi and Movahedi, Mahnush and Raykova, Mariana},
	Booktitle = {Proceedings of the 2018 ACM SIGSAC Conference on Computer and Communications Security},
	Organization = {ACM},
	Pages = {931--948},
	Title = {Rapidchain: Scaling blockchain via full sharding},
	Year = {2018}}

@misc{treechains,
	Author = {Peter Todd},
	Note = {\url{https://lists.linuxfoundation.org/pipermail/bitcoin-dev/2014-March/004797.html}},
	Title = {[Bitcoin-development]: Tree-Chains Preliminary Summary},
	Year = {2014}}

@inproceedings{CDEG+16,
	Author = {Kyle Croman and Christian Decker and Ittay Eyal and Adem Efe Gencer and Ari Juels and Ahmed E. Kosba and Andrew Miller and Prateek Saxena and Elaine Shi and Emin G{\"{u}}n Sirer and Dawn Song and Roger Wattenhofer},
	Bibsource = {dblp computer science bibliography, https://dblp.org},
	Biburl = {https://dblp.org/rec/bib/conf/fc/CromanDEGJKMSSS16},
	Booktitle = {Financial Cryptography and Data Security - {FC} 2016 International Workshops, BITCOIN, VOTING, and WAHC, Christ Church, Barbados, February 26, 2016, Revised Selected Papers},
	Crossref = {DBLP:conf/fc/2016w},
	Doi = {10.1007/978-3-662-53357-4\_8},
	Pages = {106--125},
	Timestamp = {Wed, 30 May 2018 16:11:58 +0200},
	Title = {On Scaling Decentralized Blockchains - {(A} Position Paper)},
	Url = {https://doi.org/10.1007/978-3-662-53357-4\_8},
	Year = {2016},
	Bdsk-Url-1 = {https://doi.org/10.1007/978-3-662-53357-4%5C_8}}

@proceedings{DBLP:conf/fc/2016w,
	Bibsource = {dblp computer science bibliography, https://dblp.org},
	Biburl = {https://dblp.org/rec/bib/conf/fc/2016w},
	Doi = {10.1007/978-3-662-53357-4},
	Editor = {Jeremy Clark and Sarah Meiklejohn and Peter Y. A. Ryan and Dan S. Wallach and Michael Brenner and Kurt Rohloff},
	Isbn = {978-3-662-53356-7},
	Publisher = {Springer},
	Series = {Lecture Notes in Computer Science},
	Timestamp = {Wed, 30 May 2018 16:11:58 +0200},
	Title = {Financial Cryptography and Data Security - {FC} 2016 International Workshops, BITCOIN, VOTING, and WAHC, Christ Church, Barbados, February 26, 2016, Revised Selected Papers},
	Url = {https://doi.org/10.1007/978-3-662-53357-4},
	Volume = {9604},
	Year = {2016},
	Bdsk-Url-1 = {https://doi.org/10.1007/978-3-662-53357-4}}

@misc{ppcoin,
	Author = {Sunny King and Scott Nadal},
	Date-Added = {2017-09-19 10:51:48 +0000},
	Date-Modified = {2017-09-19 10:52:31 +0000},
	Howpublished = {\url{https://peercoin.net/assets/paper/peercoin-paper.pdf}},
	Month = {August},
	Title = {PPCoin: Peer-to-Peer Crypto-Currency with Proof-of-Stake},
	Year = {2012}}

@misc{NXT,
	Author = {The NXT Community},
	Date-Added = {2017-09-19 10:35:37 +0000},
	Date-Modified = {2017-09-19 10:36:15 +0000},
	Howpublished = {\url{https://bravenewcoin.com/assets/Whitepapers/NxtWhitepaper-v122-rev4.pdf}},
	Month = {July},
	Title = {Nxt Whitepaper},
	Year = {2014}}

@article{casperFFG,
	Archiveprefix = {arXiv},
	Author = {Vitalik Buterin and Virgil Griffith},
	Bibsource = {dblp computer science bibliography, https://dblp.org},
	Biburl = {https://dblp.org/rec/bib/journals/corr/abs-1710-09437},
	Eprint = {1710.09437},
	Journal = {CoRR},
	Timestamp = {Mon, 13 Aug 2018 16:48:53 +0200},
	Title = {Casper the Friendly Finality Gadget},
	Url = {http://arxiv.org/abs/1710.09437},
	Volume = {abs/1710.09437},
	Year = {2017},
	Bdsk-Url-1 = {http://arxiv.org/abs/1710.09437}}

@article{KiaZin18,
	Author = {Kiayias, Aggelos and Zindros, Dionysis},
	Journal = {IACR Cryptology ePrint Archive},
	Pages = {1048},
	Title = {Proof-of-Work Sidechains.},
	Volume = {2018},
	Year = {2018}}

@inproceedings{GaKiZi19,
	Author = {Ga{\v{z}}i, Peter and Kiayias, Aggelos and Zindros, Dionysis},
	Booktitle = {2019 IEEE Symposium on Security and Privacy (SP)},
	Organization = {IEEE},
	Pages = {139--156},
	Title = {Proof-of-stake sidechains},
	Year = {2019}}

@article{blockmania,
	Archiveprefix = {arXiv},
	Author = {George Danezis and David Hrycyszyn},
	Eprint = {1809.01620},
	Journal = {CoRR},
	Title = {Blockmania: form Block DAG to Consensus},
	Url = {https://arxiv.org/abs/1809.01620},
	Volume = {abs/1809.01620},
	Year = {2018},
	Bdsk-Url-1 = {https://arxiv.org/abs/1809.01620}}

@inproceedings{eutxo,
	Author = {Manuel M. T. Chakravarty and James Chapman and Kenneth MacKenzie and Orestis Melkonian and Michael Peyton Jones and Philip Wadler},
	Booktitle = {4th Workshop on Trusted Smart Contracts},
	Note = {\url{http://fc20.ifca.ai/wtsc/WTSC2020/WTSC20_paper_25.pdf}},
	Title = {The Extended {UTxO} Model},
	Year = {2020}}

@article{Zahnentferner18-UTxO,
	Author = {Joachim Zahnentferner},
	Bibsource = {dblp computer science bibliography, https://dblp.org},
	Biburl = {https://dblp.org/rec/bib/journals/iacr/Zahnentferner18a},
	Journal = {{IACR} Cryptology ePrint Archive},
	Pages = {469},
	Timestamp = {Tue, 14 Aug 2018 17:08:11 +0200},
	Title = {An Abstract Model of {UTxO}-based Cryptocurrencies with Scripts},
	Url = {https://eprint.iacr.org/2018/469},
	Volume = {2018},
	Year = {2018},
	Bdsk-Url-1 = {https://eprint.iacr.org/2018/469}}

@inproceedings{formal-model-of-bitcoin-transactions,
	Author = {Nicola Atzei and Massimo Bartoletti and Stefano Lande and Roberto Zunino},
	Bibsource = {dblp computer science bibliography, https://dblp.org},
	Biburl = {https://dblp.org/rec/bib/conf/fc/AtzeiBLZ18},
	Booktitle = {Financial Cryptography and Data Security - 22nd International Conference, {FC} 2018, Nieuwpoort, Cura{\c{c}}ao, February 26 - March 2, 2018, Revised Selected Papers},
	Doi = {10.1007/978-3-662-58387-6\_29},
	Pages = {541--560},
	Timestamp = {Fri, 30 Aug 2019 11:18:49 +0200},
	Title = {A Formal Model of {Bitcoin} Transactions},
	Url = {https://doi.org/10.1007/978-3-662-58387-6\_29},
	Year = {2018},
	Bdsk-Url-1 = {https://doi.org/10.1007/978-3-662-58387-6%5C_29}}

@misc{io:sym,
	Note = {\url{https://github.com/input-output-hk/ouroboros-network/tree/master/io-sim}, \url{https://github.com/input-output-hk/ouroboros-network/tree/master/io-sim-classes}},
	Title = {The io-sym Library}}
	
@ARTICLE{blelloch:depth-work-complexity,
    author = {Guy E. Blelloch},
    title = {Programming Parallel Algorithms},
    journal = {Communications of the ACM},
    year = {1996},
    volume = {39},
    pages = {85--97}
}

@misc{plutus-platform,
	Author = {Manuel M. T. Chakravarty and Roman Kireev and Kenneth MacKenzie and Vanessa McHale and Jann Müller and Alexander Nemish and Chad Nester and Michael Peyton Jones and Simon Thompson and Rebecca Valentine and Philip Wadler},
	Howpublished = {\url{https://iohk.io/en/research/library/papers/functional-blockchain-contracts/}},
	Month = {May},
	Title = {Functional Blockchain Contracts},
	Year = {2019}}

@misc{ergo-platform,
	Author = {Ergo Developers},
	Howpublished = {\url{https://ergoplatform.org/docs/whitepaper.pdf}},
	Month = {May},
	Title = {Ergo: A Resilient Platform For Contractual Money},
	Year = {2019}}
