%% LaTeX2e file `main.bib'
%% generated by the `filecontents' environment
%% from source `main' on 2020/01/09.
%%
%-------------------------------------------------------------------------------
@article{hydrahead20,
  title={Hydra: Fast isomorphic state channels},
  author={Chakravarty, Manuel MT and Coretti, Sandro and Fitzi, Matthias and Gazi, Peter and Kant, Philipp and Kiayias, Aggelos and Russell, Alexander},
  journal={Cryptology ePrint Archive},
  year={2020}
}

@misc{hydraspec22,
  title={Hydra {Head} {V1} Formal Specification},
  author={IOG},
  howpublished={\url{https://docs.google.com/document/d/1XQ0C7Ko3Ifo5a4TOcW1fDT8gMYryB54PCEgOiFaAwGE}},
  year={2022}
}
